@ARTICLE{aly1991,
   author = {{Aly}, J.~J.},
    title = "{How much energy can be stored in a three-dimensional force-free magnetic field?}",
  journal = {\apjl},
 keywords = {FORCE-FREE MAGNETIC FIELDS, MAGNETIC FLUX, SOLAR CORONA, SOLAR FLARES, SOLAR MAGNETIC FIELD, HALF SPACES, MAGNETIC FIELD RECONNECTION, SOLAR ATMOSPHERE, STELLAR MODELS},
     year = 1991,
    month = jul,
   volume = 375,
    pages = {L61-L64},
      doi = {10.1086/186088},
   adsurl = {http://adsabs.harvard.edu/abs/1991ApJ...375L..61A},
  adsnote = {Provided by the SAO/NASA Astrophysics Data System}
}

@ARTICLE{antiochos1999,
   author = {{Antiochos}, S.~K. and {DeVore}, C.~R. and {Klimchuk}, J.~A.
	},
    title = "{A Model for Solar Coronal Mass Ejections}",
  journal = {\apj},
   eprint = {arXiv:astro-ph/9807220},
 keywords = {SUN: CORONA, SUN: FLARES, SUN: PARTICLE EMISSION},
     year = 1999,
    month = jan,
   volume = 510,
    pages = {485-493},
      doi = {10.1086/306563},
   adsurl = {http://adsabs.harvard.edu/abs/1999ApJ...510..485A},
  adsnote = {Provided by the SAO/NASA Astrophysics Data System}
}

@ARTICLE{aulan2000,
   author = {{Aulanier}, G. and {DeLuca}, E.~E. and {Antiochos}, S.~K. and 
	{McMullen}, R.~A. and {Golub}, L.},
    title = "{The Topology and Evolution of the Bastille Day Flare}",
  journal = {\apj},
 keywords = {Magnetohydrodynamics: MHD, Sun: Flares, Sun: Magnetic Fields, Sun: UV Radiation},
     year = 2000,
    month = sep,
   volume = 540,
    pages = {1126-1142},
      doi = {10.1086/309376},
   adsurl = {http://adsabs.harvard.edu/abs/2000ApJ...540.1126A},
  adsnote = {Provided by the SAO/NASA Astrophysics Data System}
}


@ARTICLE{babcock1961,
   author = {{Babcock}, H.~W.},
    title = "{The Topology of the Sun's Magnetic Field and the 22-YEAR Cycle.}",
  journal = {\apj},
     year = 1961,
    month = mar,
   volume = 133,
    pages = {572},
      doi = {10.1086/147060},
   adsurl = {http://adsabs.harvard.edu/abs/1961ApJ...133..572B},
  adsnote = {Provided by the SAO/NASA Astrophysics Data System}
}

@ARTICLE{bong2006,
   author = {{Bong}, S.-C. and {Moon}, Y.-J. and {Cho}, K.-S. and {Kim}, Y.-H. and 
	{Park}, Y.~D. and {Choe}, G.~S.},
    title = "{Direct Observation of Low Coronal Breakout: Does Breakout Precede or Follow Solar Eruption?}",
  journal = {\apjl},
 keywords = {Sun: Corona, Sun: Coronal Mass Ejections (CMEs), Sun: Magnetic Fields},
     year = 2006,
    month = jan,
   volume = 636,
    pages = {L169-L172},
      doi = {10.1086/500126},
   adsurl = {http://adsabs.harvard.edu/abs/2006ApJ...636L.169B},
  adsnote = {Provided by the SAO/NASA Astrophysics Data System}
}

@ARTICLE{charbon2010,
   author = {{Charbonneau}, P.},
    title = "{Dynamo Models of the Solar Cycle}",
  journal = {Living Reviews in Solar Physics},
 keywords = {Sun: activity, Sun: cycle, Sun: dynamo, Sun: magnetic fields},
     year = 2010,
    month = sep,
   volume = 7,
    pages = {3},
      doi = {10.12942/lrsp-2010-3},
   adsurl = {http://adsabs.harvard.edu/abs/2010LRSP....7....3C},
  adsnote = {Provided by the SAO/NASA Astrophysics Data System}
}

@ARTICLE{chen1989,
   author = {{Chen}, J.},
    title = "{Effects of toroidal forces in current loops embedded in a background plasma}",
  journal = {\apj},
 keywords = {CORONAL LOOPS, MAGNETIC FLUX, MAGNETOHYDRODYNAMIC STABILITY, PLASMA EQUILIBRIUM, SOLAR CORONA, ASTRONOMICAL MODELS, ENERGY DISSIPATION, PHOTOSPHERE, TOROIDAL PLASMAS},
     year = 1989,
    month = mar,
   volume = 338,
    pages = {453-470},
      doi = {10.1086/167211},
   adsurl = {http://adsabs.harvard.edu/abs/1989ApJ...338..453C},
  adsnote = {Provided by the SAO/NASA Astrophysics Data System}
}



@ARTICLE{davis1968,
   author = {{Davis}, R. and {Harmer}, D.~S. and {Hoffman}, K.~C.},
    title = "{Search for Neutrinos from the Sun}",
  journal = {Physical Review Letters},
     year = 1968,
    month = may,
   volume = 20,
    pages = {1205-1209},
      doi = {10.1103/PhysRevLett.20.1205},
   adsurl = {http://adsabs.harvard.edu/abs/1968PhRvL..20.1205D},
  adsnote = {Provided by the SAO/NASA Astrophysics Data System}
}

@ARTICLE{fan2009,
   author = {{Fan}, Y.},
    title = "{Magnetic Fields in the Solar Convection Zone}",
  journal = {Living Reviews in Solar Physics},
 keywords = {MHD, Sun: activity, Sun: magnetic fields, Sun: magnetic fields Sun: interior, sunspots},
     year = 2009,
    month = dec,
   volume = 6,
    pages = {4},
      doi = {10.12942/lrsp-2009-4},
   adsurl = {http://adsabs.harvard.edu/abs/2009LRSP....6....4F},
  adsnote = {Provided by the SAO/NASA Astrophysics Data System}
}

@ARTICLE{feldman2003,
   author = {{Feldman}, U. and {Widing}, K.~G.},
    title = "{Elemental Abundances in the Solar Upper Atmosphere Derived by Spectroscopic Means}",
  journal = {\ssr},
     year = 2003,
    month = jul,
   volume = 107,
    pages = {665-720},
      doi = {10.1023/A:1026103726147},
   adsurl = {http://adsabs.harvard.edu/abs/2003SSRv..107..665F},
  adsnote = {Provided by the SAO/NASA Astrophysics Data System}
}

@ARTICLE{fontenla1988,
   author = {{Fontenla}, J. and {Reichmann}, E.~J. and {Tandberg-Hanssen}, E.
	},
    title = "{The Lyman-alpha line in various solar features. I - Observations}",
  journal = {\apj},
 keywords = {LYMAN ALPHA RADIATION, SOLAR ACTIVITY, SOLAR ATMOSPHERE, SOLAR OBSERVATORIES, SOLAR SPECTRA, ULTRAVIOLET SPECTRA, ENERGY DISSIPATION, RADIATIVE HEAT TRANSFER, SOLAR CORONA, SOLAR MAXIMUM MISSION},
     year = 1988,
    month = jun,
   volume = 329,
    pages = {464-481},
      doi = {10.1086/166392},
   adsurl = {http://adsabs.harvard.edu/abs/1988ApJ...329..464F},
  adsnote = {Provided by the SAO/NASA Astrophysics Data System}
}

@BOOK{foukal2004,
  author = {{Foukal}, P.~V.},
  title = "{Solar Astrophysics, 2nd, Revised Edition}",
  year = {2004},
  isbn={3527403744},
  adsurl = {http://adsabs.harvard.edu/abs/2004soas.book.....F},
  adsnote = {Provided by the SAO/NASA Astrophysics Data System},
  publisher={Wiley-VCH}
}

@ARTICLE{fukuda1998,
   author = {{Fukuda}, Y. and {Hayakawa}, T. and {Ichihara}, E. and {Inoue}, K. and 
	{Ishihara}, K. and {Ishino}, H. and {Itow}, Y. and {Kajita}, T. and 
	{Kameda}, J. and {Kasuga}, S. and {Kobayashi}, K. and {Kobayashi}, Y. and 
	{Koshio}, Y. and {Martens}, K. and {Miura}, M. and {Nakahata}, M. and 
	{Nakayama}, S. and {Okada}, A. and {Oketa}, M. and {Okumura}, K. and 
	{Ota}, M. and {Sakurai}, N. and {Shiozawa}, M. and {Suzuki}, Y. and 
	{Takeuchi}, Y. and {Totsuka}, Y. and {Yamada}, S. and {Earl}, M. and 
	{Habig}, A. and {Hong}, J.~T. and {Kearns}, E. and {Kim}, S.~B. and 
	{Masuzawa}, M. and {Messier}, M.~D. and {Scholberg}, K. and 
	{Stone}, J.~L. and {Sulak}, L.~R. and {Walter}, C.~W. and {Goldhaber}, M. and 
	{Barszczak}, T. and {Gajewski}, W. and {Halverson}, P.~G. and 
	{Hsu}, J. and {Kropp}, W.~R. and {Price}, L.~R. and {Reines}, F. and 
	{Sobel}, H.~W. and {Vagins}, M.~R. and {Ganezer}, K.~S. and 
	{Keig}, W.~E. and {Ellsworth}, R.~W. and {Tasaka}, S. and {Flanagan}, J.~W. and 
	{Kibayashi}, A. and {Learned}, J.~G. and {Matsuno}, S. and {Stenger}, V. and 
	{Takemori}, D. and {Ishii}, T. and {Kanzaki}, J. and {Kobayashi}, T. and 
	{Nakamura}, K. and {Nishikawa}, K. and {Oyama}, Y. and {Sakai}, A. and 
	{Sakuda}, M. and {Sasaki}, O. and {Echigo}, S. and {Kohama}, M. and 
	{Suzuki}, A.~T. and {Haines}, T.~J. and {Blaufuss}, E. and {Sanford}, R. and 
	{Svoboda}, R. and {Chen}, M.~L. and {Conner}, Z. and {Goodman}, J.~A. and 
	{Sullivan}, G.~W. and {Mori}, M. and {Hill}, J. and {Jung}, C.~K. and 
	{Mauger}, C. and {McGrew}, C. and {Sharkey}, E. and {Viren}, B. and 
	{Yanagisawa}, C. and {Doki}, W. and {Ishizuka}, T. and {Kitaguchi}, Y. and 
	{Koga}, H. and {Miyano}, K. and {Okazawa}, H. and {Saji}, C. and 
	{Takahata}, M. and {Kusano}, A. and {Nagashima}, Y. and {Takita}, M. and 
	{Yamaguchi}, T. and {Yoshida}, M. and {Etoh}, M. and {Fujita}, K. and 
	{Hasegawa}, A. and {Hasegawa}, T. and {Hatakeyama}, S. and {Iwamoto}, T. and 
	{Kinebuchi}, T. and {Koga}, M. and {Maruyama}, T. and {Ogawa}, H. and 
	{Suzuki}, A. and {Tsushima}, F. and {Koshiba}, M. and {Nemoto}, M. and 
	{Nishijima}, K. and {Futagami}, T. and {Hayato}, Y. and {Kanaya}, Y. and 
	{Kaneyuki}, K. and {Watanabe}, Y. and {Kielczewska}, D. and 
	{Doyle}, R. and {George}, J. and {Stachyra}, A. and {Wai}, L. and 
	{Wilkes}, J. and {Young}, K.},
    title = "{Measurements of the Solar Neutrino Flux from Super-Kamiokande's First 300 Days}",
  journal = {Physical Review Letters},
   eprint = {arXiv:hep-ex/9805021},
     year = 1998,
    month = aug,
   volume = 81,
    pages = {1158-1162},
      doi = {10.1103/PhysRevLett.81.1158},
   adsurl = {http://adsabs.harvard.edu/abs/1998PhRvL..81.1158F},
  adsnote = {Provided by the SAO/NASA Astrophysics Data System}
}


@ARTICLE{gabriel1976,
   author = {{Gabriel}, A.~H.},
    title = "{A magnetic model of the solar transition region}",
  journal = {Royal Society of London Philosophical Transactions Series A},
 keywords = {ATMOSPHERIC MODELS, CHROMOSPHERE, MAGNETIC FIELD CONFIGURATIONS, SOLAR ATMOSPHERE, SOLAR MAGNETIC FIELD, CONVECTIVE FLOW, EMISSION SPECTRA, HEAT BALANCE, MAGNETIC FLUX, MAGNETOHYDRODYNAMIC FLOW, SOLAR GRANULATION, STELLAR MODELS, TWO DIMENSIONAL MODELS},
     year = 1976,
    month = may,
   volume = 281,
    pages = {339-352},
      doi = {10.1098/rsta.1976.0031},
   adsurl = {http://adsabs.harvard.edu/abs/1976RSPTA.281..339G},
  adsnote = {Provided by the SAO/NASA Astrophysics Data System}
}


@INPROCEEDINGS{geiss1985,
   author = {{Geiss}, J.},
    title = "{Diagnostics of corona by in-situ composition measurements at 1 AU}",
 keywords = {ABUNDANCE, CHEMICAL COMPOSITION, ION ATOM INTERACTIONS, SOLAR CORONA, SOLAR WIND, CHROMOSPHERE, ELECTRON STATES, IONIZATION POTENTIALS, PARTICLE ACCELERATION, SOLAR TEMPERATURE, STELLAR COMPOSITION},
booktitle = {Future Missions in Solar, Heliospheric \& Space Plasma Physics},
     year = 1985,
   series = {ESA Special Publication},
   volume = 235,
   editor = {{Rolfe}, E. and {Battrick}, B.},
    month = jun,
    pages = {37-50},
   adsurl = {http://adsabs.harvard.edu/abs/1985ESASP.235...37G},
  adsnote = {Provided by the SAO/NASA Astrophysics Data System}
}

@ARTICLE{how08,
   author = {{Howard}, R.~A. and {Moses}, J.~D. and {Vourlidas}, A. and {Newmark}, J.~S. and 
	{Socker}, D.~G. and {Plunkett}, S.~P. and {Korendyke}, C.~M. and 
	{Cook}, J.~W. and {Hurley}, A. and {Davila}, J.~M. and {Thompson}, W.~T. and 
	{St Cyr}, O.~C. and {Mentzell}, E. and {Mehalick}, K. and {Lemen}, J.~R. and 
	{Wuelser}, J.~P. and {Duncan}, D.~W. and {Tarbell}, T.~D. and 
	{Wolfson}, C.~J. and {Moore}, A. and {Harrison}, R.~A. and {Waltham}, N.~R. and 
	{Lang}, J. and {Davis}, C.~J. and {Eyles}, C.~J. and {Mapson-Menard}, H. and 
	{Simnett}, G.~M. and {Halain}, J.~P. and {Defise}, J.~M. and 
	{Mazy}, E. and {Rochus}, P. and {Mercier}, R. and {Ravet}, M.~F. and 
	{Delmotte}, F. and {Auchere}, F. and {Delaboudiniere}, J.~P. and 
	{Bothmer}, V. and {Deutsch}, W. and {Wang}, D. and {Rich}, N. and 
	{Cooper}, S. and {Stephens}, V. and {Maahs}, G. and {Baugh}, R. and 
	{McMullin}, D. and {Carter}, T.},
    title = "{Sun Earth Connection Coronal and Heliospheric Investigation (SECCHI)}",
  journal = {\ssr},
 keywords = {Solar corona, Lyot coronagraph, XUV heliograph, Heliospheric imager, Coronal loops, Coronal mass ejections, Stereo, Heliosphere},
     year = 2008,
    month = apr,
   volume = 136,
    pages = {67-115},
      doi = {10.1007/s11214-008-9341-4},
   adsurl = {http://adsabs.harvard.edu/abs/2008SSRv..136...67H},
  adsnote = {Provided by the SAO/NASA Astrophysics Data System}
}


@ARTICLE{howtap2009,
   author = {{Howard}, T.~A. and {Tappin}, S.~J.},
    title = "{Interplanetary Coronal Mass Ejections Observed in the Heliosphere: 1. Review of Theory}",
  journal = {\ssr},
 keywords = {Coronal mass ejections, Solar-terrestrial relations, Interplanetary medium},
     year = 2009,
    month = oct,
   volume = 147,
    pages = {31-54},
      doi = {10.1007/s11214-009-9542-5},
   adsurl = {http://adsabs.harvard.edu/abs/2009SSRv..147...31H},
  adsnote = {Provided by the SAO/NASA Astrophysics Data System}
}

@ARTICLE{kai08,
   author = {{Kaiser}, M.~L. and {Kucera}, T.~A. and {Davila}, J.~M. and 
	{St.~Cyr}, O.~C. and {Guhathakurta}, M. and {Christian}, E.},
    title = "{The STEREO Mission: An Introduction}",
  journal = {\ssr},
 keywords = {CME, Solar, Three-dimensional},
     year = 2008,
    month = apr,
   volume = 136,
    pages = {5-16},
      doi = {10.1007/s11214-007-9277-0},
   adsurl = {http://adsabs.harvard.edu/abs/2008SSRv..136....5K},
  adsnote = {Provided by the SAO/NASA Astrophysics Data System}
}

@ARTICLE{krall2001,
   author = {{Krall}, J. and {Chen}, J. and {Duffin}, R.~T. and {Howard}, R.~A. and 
	{Thompson}, B.~J.},
    title = "{Erupting Solar Magnetic Flux Ropes: Theory and Observation}",
  journal = {\apj},
 keywords = {Sun: Activity, Sun: Coronal Mass Ejections (CMEs), Sun: Magnetic Fields, Sun: Prominences},
     year = 2001,
    month = dec,
   volume = 562,
    pages = {1045-1057},
      doi = {10.1086/323844},
   adsurl = {http://adsabs.harvard.edu/abs/2001ApJ...562.1045K},
  adsnote = {Provided by the SAO/NASA Astrophysics Data System}
}

@ARTICLE{lynch2004,
   author = {{Lynch}, B.~J. and {Antiochos}, S.~K. and {MacNeice}, P.~J. and 
	{Zurbuchen}, T.~H. and {Fisk}, L.~A.},
    title = "{Observable Properties of the Breakout Model for Coronal Mass Ejections}",
  journal = {\apj},
 keywords = {Magnetohydrodynamics: MHD, Sun: Corona, Sun: Coronal Mass Ejections (CMEs), Sun: Magnetic Fields},
     year = 2004,
    month = dec,
   volume = 617,
    pages = {589-599},
      doi = {10.1086/424564},
   adsurl = {http://adsabs.harvard.edu/abs/2004ApJ...617..589L},
  adsnote = {Provided by the SAO/NASA Astrophysics Data System}
}

@ARTICLE{lynch2008,
   author = {{Lynch}, B.~J. and {Antiochos}, S.~K. and {DeVore}, C.~R. and 
	{Luhmann}, J.~G. and {Zurbuchen}, T.~H.},
    title = "{Topological Evolution of a Fast Magnetic Breakout CME in Three Dimensions}",
  journal = {\apj},
 keywords = {Magnetohydrodynamics: MHD, Sun: Corona, Sun: Coronal Mass Ejections (CMEs), Sun: Magnetic Fields},
     year = 2008,
    month = aug,
   volume = 683,
    pages = {1192-1206},
      doi = {10.1086/589738},
   adsurl = {http://adsabs.harvard.edu/abs/2008ApJ...683.1192L},
  adsnote = {Provided by the SAO/NASA Astrophysics Data System}
}


@ARTICLE{lyot1939,
   author = {{Lyot}, B.},
    title = "{The study of the solar corona and prominences without eclipses (George Darwin Lecture, 1939)}",
  journal = {\mnras},
     year = 1939,
    month = jun,
   volume = 99,
    pages = {580},
   adsurl = {http://adsabs.harvard.edu/abs/1939MNRAS..99..580L},
  adsnote = {Provided by the SAO/NASA Astrophysics Data System}
}

@ARTICLE{macneice2004,
   author = {{MacNeice}, P. and {Antiochos}, S.~K. and {Phillips}, A. and 
	{Spicer}, D.~S. and {DeVore}, C.~R. and {Olson}, K.},
    title = "{A Numerical Study of the Breakout Model for Coronal Mass Ejection Initiation}",
  journal = {\apj},
 keywords = {Sun: Corona, Sun: Coronal Mass Ejections (CMEs), Sun: Flares},
     year = 2004,
    month = oct,
   volume = 614,
    pages = {1028-1041},
      doi = {10.1086/423887},
   adsurl = {http://adsabs.harvard.edu/abs/2004ApJ...614.1028M},
  adsnote = {Provided by the SAO/NASA Astrophysics Data System}
}

@ARTICLE{mano2003,
   author = {{Manoharan}, P.~K. and {Kundu}, M.~R.},
    title = "{Coronal Structure of a Flaring Region and Associated Coronal Mass Ejection}",
  journal = {\apj},
 keywords = {Sun: Coronal Mass Ejections (CMEs), Sun: Flares, Sun: Magnetic Fields, Sun: Radio Radiation},
     year = 2003,
    month = jul,
   volume = 592,
    pages = {597-606},
      doi = {10.1086/375700},
   adsurl = {http://adsabs.harvard.edu/abs/2003ApJ...592..597M},
  adsnote = {Provided by the SAO/NASA Astrophysics Data System}
}

@BOOK{melrose1986,
   author = {{Melrose}, D.~B.},
    title = "{Instabilities in Space and Laboratory Plasmas}",
booktitle = {Instabilities in Space and Laboratory Plasmas, by D.~B.~Melrose, pp.~288.~ISBN 0521305411.~Cambridge, UK: Cambridge University Press, August 1986.},
     year = 1986,
    month = aug,
    publisher = {Cambridge University Press},
   adsurl = {http://adsabs.harvard.edu/abs/1986islp.book.....M},
  adsnote = {Provided by the SAO/NASA Astrophysics Data System}
}

@ARTICLE{mikheev1986,
   author = {{Mikheev}, S.~P. and {Smirnov}, A.~I.},
    title = "{Resonant amplification of neutrino oscillations in matter and solar-neutrino spectroscopy}",
  journal = {Nuovo Cimento C Geophysics Space Physics C},
 keywords = {PARTICLE MOTION, SOLAR COSMIC RAYS, SOLAR NEUTRINOS, FLAVOR (PARTICLE PHYSICS), GRAVITATIONAL COLLAPSE, MATTER (PHYSICS), OSCILLATIONS, RESONANCE},
     year = 1986,
    month = feb,
   volume = 9,
    pages = {17-26},
      doi = {10.1007/BF02508049},
   adsurl = {http://adsabs.harvard.edu/abs/1986NCimC...9...17M},
  adsnote = {Provided by the SAO/NASA Astrophysics Data System}
}

@ARTICLE{mitalas1992,
   author = {{Mitalas}, R. and {Sills}, K.~R.},
    title = "{On the photon diffusion time scale for the sun}",
  journal = {\apj},
 keywords = {DIFFUSE RADIATION, RADIATIVE TRANSFER, SOLAR INTERIOR, SOLAR RADIATION, STELLAR STRUCTURE, DIFFUSION, RANDOM WALK, STELLAR CONVECTION, STELLAR MODELS},
     year = 1992,
    month = dec,
   volume = 401,
    pages = {759},
      doi = {10.1086/172103},
   adsurl = {http://adsabs.harvard.edu/abs/1992ApJ...401..759M},
  adsnote = {Provided by the SAO/NASA Astrophysics Data System}
}



@BOOK{phillips2008,
   author = {{Phillips}, K.~J.~H. and {Feldman}, U. and {Landi}, E.},
   title = "{Ultraviolet and X-ray Spectroscopy of the Solar Atmosphere}",
   keywords = {Spectrum, Solar.~Ultraviolet Spectroscopy.~X-ray Spectroscopy.},
   year = 2008,
   publisher = {Cambridge University Press},
   adsurl = {http://adsabs.harvard.edu/abs/2008uxss.book.....P},
   adsnote = {Provided by the SAO/NASA Astrophysics Data System}
}

@ARTICLE{robinson1994,
   author = {{Robinson}, P.~A. and {Cairns}, I.~H. and {Willes}, A.~J.},
    title = "{Dynamics and efficiency of type III solar radio emission}",
  journal = {\apj},
 keywords = {ASTRONOMICAL MODELS, ELECTROSTATIC WAVES, MATHEMATICAL MODELS, PLASMA WAVES, SOLAR WIND, TYPE 3 BURSTS, WAVE INTERACTION, ELECTROMAGNETIC RADIATION, INTERNATIONAL SUN EARTH EXPLORERS, ION ACOUSTIC WAVES},
     year = 1994,
    month = feb,
   volume = 422,
    pages = {870-882},
      doi = {10.1086/173779},
   adsurl = {http://adsabs.harvard.edu/abs/1994ApJ...422..870R},
  adsnote = {Provided by the SAO/NASA Astrophysics Data System}
}

@ARTICLE{sturrock1991,
   author = {{Sturrock}, P.~A.},
    title = "{Maximum energy of semi-infinite magnetic field configurations}",
  journal = {\apj},
 keywords = {MAGNETIC FIELD CONFIGURATIONS, MAGNETIC FLUX, SOLAR MAGNETIC FIELD, PARTICLE EMISSION, SOLAR CORONA, TOPOLOGY},
     year = 1991,
    month = oct,
   volume = 380,
    pages = {655-659},
      doi = {10.1086/170620},
   adsurl = {http://adsabs.harvard.edu/abs/1991ApJ...380..655S},
  adsnote = {Provided by the SAO/NASA Astrophysics Data System}
}

@ARTICLE{thompson2003,
   author = {{Thompson}, M.~J. and {Christensen-Dalsgaard}, J. and {Miesch}, M.~S. and 
	{Toomre}, J.},
    title = "{The Internal Rotation of the Sun}",
  journal = {\araa},
     year = 2003,
   volume = 41,
    pages = {599-643},
      doi = {10.1146/annurev.astro.41.011802.094848},
   adsurl = {http://adsabs.harvard.edu/abs/2003ARA%26A..41..599T},
  adsnote = {Provided by the SAO/NASA Astrophysics Data System}
}

@ARTICLE{thomp2008,
   author = {{Thompson}, W.~T. and {Reginald}, N.~L.},
    title = "{The Radiometric and Pointing Calibration of SECCHI COR1 on STEREO}",
  journal = {\solphys},
 keywords = {Instrumental effects, Corona},
     year = 2008,
    month = aug,
   volume = 250,
    pages = {443-454},
      doi = {10.1007/s11207-008-9228-2},
   adsurl = {http://adsabs.harvard.edu/abs/2008SoPh..250..443T},
  adsnote = {Provided by the SAO/NASA Astrophysics Data System}
}


@ARTICLE{turk2011,
   author = {{Turck-Chi{\`e}ze}, S. and {Couvidat}, S.},
    title = "{Solar neutrinos, helioseismology and the solar internal dynamics}",
  journal = {Reports on Progress in Physics},
archivePrefix = "arXiv",
   eprint = {1009.0852},
 primaryClass = "astro-ph.SR",
     year = 2011,
    month = aug,
   volume = 74,
   number = 8,
      eid = {086901},
    pages = {086901},
      doi = {10.1088/0034-4885/74/8/086901},
   adsurl = {http://adsabs.harvard.edu/abs/2011RPPh...74h6901T},
  adsnote = {Provided by the SAO/NASA Astrophysics Data System}
}

@ARTICLE{vernazza1981,
   author = {{Vernazza}, J.~E. and {Avrett}, E.~H. and {Loeser}, R.},
    title = "{Structure of the solar chromosphere. III - Models of the EUV brightness components of the quiet-sun}",
  journal = {\apjs},
 keywords = {ATMOSPHERIC MODELS, BRIGHTNESS TEMPERATURE, CHROMOSPHERE, EXTREME ULTRAVIOLET RADIATION, NONEQUILIBRIUM THERMODYNAMICS, RADIATIVE HEAT TRANSFER, SOLAR ATMOSPHERE, ULTRAVIOLET SPECTRA, ATMOSPHERIC HEATING, ATOMIC ENERGY LEVELS, CARBON, GRAPHS (CHARTS), HYDROGEN ATOMS, IRON, LYMAN SPECTRA, SOLAR TEMPERATURE, TABLES (DATA)},
     year = 1981,
    month = apr,
   volume = 45,
    pages = {635-725},
      doi = {10.1086/190731},
   adsurl = {http://adsabs.harvard.edu/abs/1981ApJS...45..635V},
  adsnote = {Provided by the SAO/NASA Astrophysics Data System}
}

@ARTICLE{wolfenstein1978,
   author = {{Wolfenstein}, L.},
    title = "{Neutrino oscillations in matter}",
  journal = {Physical Review Letters},
     year = 1978,
    month = may,
   volume = 17,
    pages = {2369-2374},
      doi = {10.1103/PhysRevD.17.2369},
   adsurl = {http://adsabs.harvard.edu/abs/1978PhRvD..17.2369W},
  adsnote = {Provided by the SAO/NASA Astrophysics Data System}
}